%YAML 1.1
%TAG !u! tag:unity3d.com,2011:
--- !u!29 &1
OcclusionCullingSettings:
  m_ObjectHideFlags: 0
  serializedVersion: 2
  m_OcclusionBakeSettings:
    smallestOccluder: 5
    smallestHole: 0.25
    backfaceThreshold: 100
  m_SceneGUID: 00000000000000000000000000000000
  m_OcclusionCullingData: {fileID: 0}
--- !u!104 &2
RenderSettings:
  m_ObjectHideFlags: 0
  serializedVersion: 9
  m_Fog: 0
  m_FogColor: {r: 0.5, g: 0.5, b: 0.5, a: 1}
  m_FogMode: 3
  m_FogDensity: 0.01
  m_LinearFogStart: 0
  m_LinearFogEnd: 300
  m_AmbientSkyColor: {r: 0.212, g: 0.227, b: 0.259, a: 1}
  m_AmbientEquatorColor: {r: 0.114, g: 0.125, b: 0.133, a: 1}
  m_AmbientGroundColor: {r: 0.047, g: 0.043, b: 0.035, a: 1}
  m_AmbientIntensity: 1
  m_AmbientMode: 0
  m_SubtractiveShadowColor: {r: 0.42, g: 0.478, b: 0.627, a: 1}
  m_SkyboxMaterial: {fileID: 10304, guid: 0000000000000000f000000000000000, type: 0}
  m_HaloStrength: 0.5
  m_FlareStrength: 1
  m_FlareFadeSpeed: 3
  m_HaloTexture: {fileID: 0}
  m_SpotCookie: {fileID: 10001, guid: 0000000000000000e000000000000000, type: 0}
  m_DefaultReflectionMode: 0
  m_DefaultReflectionResolution: 128
  m_ReflectionBounces: 1
  m_ReflectionIntensity: 1
  m_CustomReflection: {fileID: 0}
  m_Sun: {fileID: 0}
  m_IndirectSpecularColor: {r: 0, g: 0, b: 0, a: 1}
  m_UseRadianceAmbientProbe: 0
--- !u!157 &3
LightmapSettings:
  m_ObjectHideFlags: 0
  serializedVersion: 11
  m_GIWorkflowMode: 1
  m_GISettings:
    serializedVersion: 2
    m_BounceScale: 1
    m_IndirectOutputScale: 1
    m_AlbedoBoost: 1
    m_EnvironmentLightingMode: 0
    m_EnableBakedLightmaps: 1
    m_EnableRealtimeLightmaps: 0
  m_LightmapEditorSettings:
    serializedVersion: 12
    m_Resolution: 2
    m_BakeResolution: 40
    m_AtlasSize: 1024
    m_AO: 0
    m_AOMaxDistance: 1
    m_CompAOExponent: 1
    m_CompAOExponentDirect: 0
    m_ExtractAmbientOcclusion: 0
    m_Padding: 2
    m_LightmapParameters: {fileID: 0}
    m_LightmapsBakeMode: 1
    m_TextureCompression: 1
    m_FinalGather: 0
    m_FinalGatherFiltering: 1
    m_FinalGatherRayCount: 256
    m_ReflectionCompression: 2
    m_MixedBakeMode: 2
    m_BakeBackend: 1
    m_PVRSampling: 1
    m_PVRDirectSampleCount: 32
    m_PVRSampleCount: 512
    m_PVRBounces: 2
    m_PVREnvironmentSampleCount: 256
    m_PVREnvironmentReferencePointCount: 2048
    m_PVRFilteringMode: 1
    m_PVRDenoiserTypeDirect: 1
    m_PVRDenoiserTypeIndirect: 1
    m_PVRDenoiserTypeAO: 1
    m_PVRFilterTypeDirect: 0
    m_PVRFilterTypeIndirect: 0
    m_PVRFilterTypeAO: 0
    m_PVREnvironmentMIS: 1
    m_PVRCulling: 1
    m_PVRFilteringGaussRadiusDirect: 1
    m_PVRFilteringGaussRadiusIndirect: 5
    m_PVRFilteringGaussRadiusAO: 2
    m_PVRFilteringAtrousPositionSigmaDirect: 0.5
    m_PVRFilteringAtrousPositionSigmaIndirect: 2
    m_PVRFilteringAtrousPositionSigmaAO: 1
    m_ExportTrainingData: 0
    m_TrainingDataDestination: TrainingData
    m_LightProbeSampleCountMultiplier: 4
  m_LightingDataAsset: {fileID: 0}
  m_UseShadowmask: 1
--- !u!196 &4
NavMeshSettings:
  serializedVersion: 2
  m_ObjectHideFlags: 0
  m_BuildSettings:
    serializedVersion: 2
    agentTypeID: 0
    agentRadius: 0.5
    agentHeight: 2
    agentSlope: 45
    agentClimb: 0.4
    ledgeDropHeight: 0
    maxJumpAcrossDistance: 0
    minRegionArea: 2
    manualCellSize: 0
    cellSize: 0.16666667
    manualTileSize: 0
    tileSize: 256
    accuratePlacement: 0
    debug:
      m_Flags: 0
  m_NavMeshData: {fileID: 0}
--- !u!1001 &185157813
PrefabInstance:
  m_ObjectHideFlags: 0
  serializedVersion: 2
  m_Modification:
    m_TransformParent: {fileID: 0}
    m_Modifications:
    - target: {fileID: 1146564525459527488, guid: 94f91967fd1f7574a9698ee6c683b2c3,
        type: 3}
      propertyPath: m_Name
      value: DoorHolderEmpty (2)
      objectReference: {fileID: 0}
    - target: {fileID: 1146564525459527503, guid: 94f91967fd1f7574a9698ee6c683b2c3,
        type: 3}
      propertyPath: m_RootOrder
      value: 1
      objectReference: {fileID: 0}
    - target: {fileID: 1146564525459527503, guid: 94f91967fd1f7574a9698ee6c683b2c3,
        type: 3}
      propertyPath: m_LocalPosition.x
      value: 12.021582
      objectReference: {fileID: 0}
    - target: {fileID: 1146564525459527503, guid: 94f91967fd1f7574a9698ee6c683b2c3,
        type: 3}
      propertyPath: m_LocalPosition.y
      value: 2
      objectReference: {fileID: 0}
    - target: {fileID: 1146564525459527503, guid: 94f91967fd1f7574a9698ee6c683b2c3,
        type: 3}
      propertyPath: m_LocalPosition.z
      value: 14.641007
      objectReference: {fileID: 0}
    - target: {fileID: 1146564525459527503, guid: 94f91967fd1f7574a9698ee6c683b2c3,
        type: 3}
      propertyPath: m_LocalRotation.w
      value: 1
      objectReference: {fileID: 0}
    - target: {fileID: 1146564525459527503, guid: 94f91967fd1f7574a9698ee6c683b2c3,
        type: 3}
      propertyPath: m_LocalRotation.x
      value: 0
      objectReference: {fileID: 0}
    - target: {fileID: 1146564525459527503, guid: 94f91967fd1f7574a9698ee6c683b2c3,
        type: 3}
      propertyPath: m_LocalRotation.y
      value: 0
      objectReference: {fileID: 0}
    - target: {fileID: 1146564525459527503, guid: 94f91967fd1f7574a9698ee6c683b2c3,
        type: 3}
      propertyPath: m_LocalRotation.z
      value: 0
      objectReference: {fileID: 0}
    - target: {fileID: 1146564525459527503, guid: 94f91967fd1f7574a9698ee6c683b2c3,
        type: 3}
      propertyPath: m_LocalEulerAnglesHint.x
      value: 0
      objectReference: {fileID: 0}
    - target: {fileID: 1146564525459527503, guid: 94f91967fd1f7574a9698ee6c683b2c3,
        type: 3}
      propertyPath: m_LocalEulerAnglesHint.y
      value: 0
      objectReference: {fileID: 0}
    - target: {fileID: 1146564525459527503, guid: 94f91967fd1f7574a9698ee6c683b2c3,
        type: 3}
      propertyPath: m_LocalEulerAnglesHint.z
      value: 0
      objectReference: {fileID: 0}
    - target: {fileID: 3231323479189688688, guid: 94f91967fd1f7574a9698ee6c683b2c3,
        type: 3}
      propertyPath: colour
      value: 2
      objectReference: {fileID: 0}
    m_RemovedComponents: []
  m_SourcePrefab: {fileID: 100100000, guid: 94f91967fd1f7574a9698ee6c683b2c3, type: 3}
--- !u!1001 &325266258
PrefabInstance:
  m_ObjectHideFlags: 0
  serializedVersion: 2
  m_Modification:
    m_TransformParent: {fileID: 0}
    m_Modifications:
    - target: {fileID: 1146564525459527488, guid: 94f91967fd1f7574a9698ee6c683b2c3,
        type: 3}
      propertyPath: m_Name
      value: DoorHolderEmpty (1)
      objectReference: {fileID: 0}
    - target: {fileID: 1146564525459527503, guid: 94f91967fd1f7574a9698ee6c683b2c3,
        type: 3}
      propertyPath: m_RootOrder
      value: 2
      objectReference: {fileID: 0}
    - target: {fileID: 1146564525459527503, guid: 94f91967fd1f7574a9698ee6c683b2c3,
        type: 3}
      propertyPath: m_LocalPosition.x
      value: -1.0779016
      objectReference: {fileID: 0}
    - target: {fileID: 1146564525459527503, guid: 94f91967fd1f7574a9698ee6c683b2c3,
        type: 3}
      propertyPath: m_LocalPosition.y
      value: 2
      objectReference: {fileID: 0}
    - target: {fileID: 1146564525459527503, guid: 94f91967fd1f7574a9698ee6c683b2c3,
        type: 3}
      propertyPath: m_LocalPosition.z
      value: 14.369125
      objectReference: {fileID: 0}
    - target: {fileID: 1146564525459527503, guid: 94f91967fd1f7574a9698ee6c683b2c3,
        type: 3}
      propertyPath: m_LocalRotation.w
      value: 1
      objectReference: {fileID: 0}
    - target: {fileID: 1146564525459527503, guid: 94f91967fd1f7574a9698ee6c683b2c3,
        type: 3}
      propertyPath: m_LocalRotation.x
      value: 0
      objectReference: {fileID: 0}
    - target: {fileID: 1146564525459527503, guid: 94f91967fd1f7574a9698ee6c683b2c3,
        type: 3}
      propertyPath: m_LocalRotation.y
      value: 0
      objectReference: {fileID: 0}
    - target: {fileID: 1146564525459527503, guid: 94f91967fd1f7574a9698ee6c683b2c3,
        type: 3}
      propertyPath: m_LocalRotation.z
      value: 0
      objectReference: {fileID: 0}
    - target: {fileID: 1146564525459527503, guid: 94f91967fd1f7574a9698ee6c683b2c3,
        type: 3}
      propertyPath: m_LocalEulerAnglesHint.x
      value: 0
      objectReference: {fileID: 0}
    - target: {fileID: 1146564525459527503, guid: 94f91967fd1f7574a9698ee6c683b2c3,
        type: 3}
      propertyPath: m_LocalEulerAnglesHint.y
      value: 0
      objectReference: {fileID: 0}
    - target: {fileID: 1146564525459527503, guid: 94f91967fd1f7574a9698ee6c683b2c3,
        type: 3}
      propertyPath: m_LocalEulerAnglesHint.z
      value: 0
      objectReference: {fileID: 0}
    - target: {fileID: 3231323479189688688, guid: 94f91967fd1f7574a9698ee6c683b2c3,
        type: 3}
      propertyPath: colour
      value: 3
      objectReference: {fileID: 0}
    m_RemovedComponents: []
  m_SourcePrefab: {fileID: 100100000, guid: 94f91967fd1f7574a9698ee6c683b2c3, type: 3}
--- !u!1 &474422496
GameObject:
  m_ObjectHideFlags: 0
  m_CorrespondingSourceObject: {fileID: 0}
  m_PrefabInstance: {fileID: 0}
  m_PrefabAsset: {fileID: 0}
  serializedVersion: 6
  m_Component:
  - component: {fileID: 474422498}
  - component: {fileID: 474422497}
  m_Layer: 0
  m_Name: Directional Light
  m_TagString: Untagged
  m_Icon: {fileID: 0}
  m_NavMeshLayer: 0
  m_StaticEditorFlags: 0
  m_IsActive: 1
--- !u!108 &474422497
Light:
  m_ObjectHideFlags: 0
  m_CorrespondingSourceObject: {fileID: 0}
  m_PrefabInstance: {fileID: 0}
  m_PrefabAsset: {fileID: 0}
  m_GameObject: {fileID: 474422496}
  m_Enabled: 1
  serializedVersion: 10
  m_Type: 1
  m_Shape: 0
  m_Color: {r: 1, g: 0.95686275, b: 0.8392157, a: 1}
  m_Intensity: 1
  m_Range: 10
  m_SpotAngle: 30
  m_InnerSpotAngle: 21.80208
  m_CookieSize: 10
  m_Shadows:
    m_Type: 2
    m_Resolution: -1
    m_CustomResolution: -1
    m_Strength: 1
    m_Bias: 0.05
    m_NormalBias: 0.4
    m_NearPlane: 0.2
    m_CullingMatrixOverride:
      e00: 1
      e01: 0
      e02: 0
      e03: 0
      e10: 0
      e11: 1
      e12: 0
      e13: 0
      e20: 0
      e21: 0
      e22: 1
      e23: 0
      e30: 0
      e31: 0
      e32: 0
      e33: 1
    m_UseCullingMatrixOverride: 0
  m_Cookie: {fileID: 0}
  m_DrawHalo: 0
  m_Flare: {fileID: 0}
  m_RenderMode: 0
  m_CullingMask:
    serializedVersion: 2
    m_Bits: 4294967295
  m_RenderingLayerMask: 1
  m_Lightmapping: 4
  m_LightShadowCasterMode: 0
  m_AreaSize: {x: 1, y: 1}
  m_BounceIntensity: 1
  m_ColorTemperature: 6570
  m_UseColorTemperature: 0
  m_BoundingSphereOverride: {x: 0, y: 0, z: 0, w: 0}
  m_UseBoundingSphereOverride: 0
  m_ShadowRadius: 0
  m_ShadowAngle: 0
--- !u!4 &474422498
Transform:
  m_ObjectHideFlags: 0
  m_CorrespondingSourceObject: {fileID: 0}
  m_PrefabInstance: {fileID: 0}
  m_PrefabAsset: {fileID: 0}
  m_GameObject: {fileID: 474422496}
  m_LocalRotation: {x: 0.40821788, y: -0.23456968, z: 0.10938163, w: 0.8754261}
  m_LocalPosition: {x: 0, y: 3, z: 0}
  m_LocalScale: {x: 1, y: 1, z: 1}
  m_Children: []
  m_Father: {fileID: 0}
  m_RootOrder: 0
  m_LocalEulerAnglesHint: {x: 50, y: -30, z: 0}
--- !u!1001 &742543624
PrefabInstance:
  m_ObjectHideFlags: 0
  serializedVersion: 2
  m_Modification:
    m_TransformParent: {fileID: 0}
    m_Modifications:
    - target: {fileID: 5245781376594609187, guid: 3385d83e13f24c7418daf9d975812ac5,
        type: 3}
      propertyPath: m_Name
      value: Key (1)
      objectReference: {fileID: 0}
    - target: {fileID: 5245781376594609199, guid: 3385d83e13f24c7418daf9d975812ac5,
        type: 3}
      propertyPath: m_RootOrder
      value: 5
      objectReference: {fileID: 0}
    - target: {fileID: 5245781376594609199, guid: 3385d83e13f24c7418daf9d975812ac5,
        type: 3}
      propertyPath: m_LocalPosition.x
      value: -11.408947
      objectReference: {fileID: 0}
    - target: {fileID: 5245781376594609199, guid: 3385d83e13f24c7418daf9d975812ac5,
        type: 3}
      propertyPath: m_LocalPosition.y
      value: 0.5
      objectReference: {fileID: 0}
    - target: {fileID: 5245781376594609199, guid: 3385d83e13f24c7418daf9d975812ac5,
        type: 3}
      propertyPath: m_LocalPosition.z
      value: 6.0977883
      objectReference: {fileID: 0}
    - target: {fileID: 5245781376594609199, guid: 3385d83e13f24c7418daf9d975812ac5,
        type: 3}
      propertyPath: m_LocalRotation.w
      value: 1
      objectReference: {fileID: 0}
    - target: {fileID: 5245781376594609199, guid: 3385d83e13f24c7418daf9d975812ac5,
        type: 3}
      propertyPath: m_LocalRotation.x
      value: 0
      objectReference: {fileID: 0}
    - target: {fileID: 5245781376594609199, guid: 3385d83e13f24c7418daf9d975812ac5,
        type: 3}
      propertyPath: m_LocalRotation.y
      value: 0
      objectReference: {fileID: 0}
    - target: {fileID: 5245781376594609199, guid: 3385d83e13f24c7418daf9d975812ac5,
        type: 3}
      propertyPath: m_LocalRotation.z
      value: 0
      objectReference: {fileID: 0}
    - target: {fileID: 5245781376594609199, guid: 3385d83e13f24c7418daf9d975812ac5,
        type: 3}
      propertyPath: m_LocalEulerAnglesHint.x
      value: 0
      objectReference: {fileID: 0}
    - target: {fileID: 5245781376594609199, guid: 3385d83e13f24c7418daf9d975812ac5,
        type: 3}
      propertyPath: m_LocalEulerAnglesHint.y
      value: 0
      objectReference: {fileID: 0}
    - target: {fileID: 5245781376594609199, guid: 3385d83e13f24c7418daf9d975812ac5,
        type: 3}
      propertyPath: m_LocalEulerAnglesHint.z
      value: 0
      objectReference: {fileID: 0}
    m_RemovedComponents: []
  m_SourcePrefab: {fileID: 100100000, guid: 3385d83e13f24c7418daf9d975812ac5, type: 3}
--- !u!1001 &1171255758
PrefabInstance:
  m_ObjectHideFlags: 0
  serializedVersion: 2
  m_Modification:
    m_TransformParent: {fileID: 0}
    m_Modifications:
    - target: {fileID: 5245781376594609187, guid: 3385d83e13f24c7418daf9d975812ac5,
        type: 3}
      propertyPath: m_Name
      value: Key (2)
      objectReference: {fileID: 0}
    - target: {fileID: 5245781376594609199, guid: 3385d83e13f24c7418daf9d975812ac5,
        type: 3}
      propertyPath: m_RootOrder
      value: 4
      objectReference: {fileID: 0}
    - target: {fileID: 5245781376594609199, guid: 3385d83e13f24c7418daf9d975812ac5,
        type: 3}
      propertyPath: m_LocalPosition.x
      value: -12.086683
      objectReference: {fileID: 0}
    - target: {fileID: 5245781376594609199, guid: 3385d83e13f24c7418daf9d975812ac5,
        type: 3}
      propertyPath: m_LocalPosition.y
      value: 0.5
      objectReference: {fileID: 0}
    - target: {fileID: 5245781376594609199, guid: 3385d83e13f24c7418daf9d975812ac5,
        type: 3}
      propertyPath: m_LocalPosition.z
      value: -0.24482986
      objectReference: {fileID: 0}
    - target: {fileID: 5245781376594609199, guid: 3385d83e13f24c7418daf9d975812ac5,
        type: 3}
      propertyPath: m_LocalRotation.w
      value: 1
      objectReference: {fileID: 0}
    - target: {fileID: 5245781376594609199, guid: 3385d83e13f24c7418daf9d975812ac5,
        type: 3}
      propertyPath: m_LocalRotation.x
      value: 0
      objectReference: {fileID: 0}
    - target: {fileID: 5245781376594609199, guid: 3385d83e13f24c7418daf9d975812ac5,
        type: 3}
      propertyPath: m_LocalRotation.y
      value: 0
      objectReference: {fileID: 0}
    - target: {fileID: 5245781376594609199, guid: 3385d83e13f24c7418daf9d975812ac5,
        type: 3}
      propertyPath: m_LocalRotation.z
      value: 0
      objectReference: {fileID: 0}
    - target: {fileID: 5245781376594609199, guid: 3385d83e13f24c7418daf9d975812ac5,
        type: 3}
      propertyPath: m_LocalEulerAnglesHint.x
      value: 0
      objectReference: {fileID: 0}
    - target: {fileID: 5245781376594609199, guid: 3385d83e13f24c7418daf9d975812ac5,
        type: 3}
      propertyPath: m_LocalEulerAnglesHint.y
      value: 0
      objectReference: {fileID: 0}
    - target: {fileID: 5245781376594609199, guid: 3385d83e13f24c7418daf9d975812ac5,
        type: 3}
      propertyPath: m_LocalEulerAnglesHint.z
      value: 0
      objectReference: {fileID: 0}
    m_RemovedComponents: []
  m_SourcePrefab: {fileID: 100100000, guid: 3385d83e13f24c7418daf9d975812ac5, type: 3}
--- !u!1 &1395784192
GameObject:
  m_ObjectHideFlags: 0
  m_CorrespondingSourceObject: {fileID: 0}
  m_PrefabInstance: {fileID: 0}
  m_PrefabAsset: {fileID: 0}
  serializedVersion: 6
  m_Component:
  - component: {fileID: 1395784196}
  - component: {fileID: 1395784195}
  - component: {fileID: 1395784194}
  - component: {fileID: 1395784193}
  m_Layer: 0
  m_Name: Plane
  m_TagString: Untagged
  m_Icon: {fileID: 0}
  m_NavMeshLayer: 0
  m_StaticEditorFlags: 0
  m_IsActive: 1
--- !u!64 &1395784193
MeshCollider:
  m_ObjectHideFlags: 0
  m_CorrespondingSourceObject: {fileID: 0}
  m_PrefabInstance: {fileID: 0}
  m_PrefabAsset: {fileID: 0}
  m_GameObject: {fileID: 1395784192}
  m_Material: {fileID: 0}
  m_IsTrigger: 0
  m_Enabled: 1
  serializedVersion: 4
  m_Convex: 0
  m_CookingOptions: 30
  m_Mesh: {fileID: 10209, guid: 0000000000000000e000000000000000, type: 0}
--- !u!23 &1395784194
MeshRenderer:
  m_ObjectHideFlags: 0
  m_CorrespondingSourceObject: {fileID: 0}
  m_PrefabInstance: {fileID: 0}
  m_PrefabAsset: {fileID: 0}
  m_GameObject: {fileID: 1395784192}
  m_Enabled: 1
  m_CastShadows: 1
  m_ReceiveShadows: 1
  m_DynamicOccludee: 1
  m_MotionVectors: 1
  m_LightProbeUsage: 1
  m_ReflectionProbeUsage: 1
  m_RayTracingMode: 2
  m_RenderingLayerMask: 1
  m_RendererPriority: 0
  m_Materials:
  - {fileID: 10303, guid: 0000000000000000f000000000000000, type: 0}
  m_StaticBatchInfo:
    firstSubMesh: 0
    subMeshCount: 0
  m_StaticBatchRoot: {fileID: 0}
  m_ProbeAnchor: {fileID: 0}
  m_LightProbeVolumeOverride: {fileID: 0}
  m_ScaleInLightmap: 1
  m_ReceiveGI: 1
  m_PreserveUVs: 0
  m_IgnoreNormalsForChartDetection: 0
  m_ImportantGI: 0
  m_StitchLightmapSeams: 1
  m_SelectedEditorRenderState: 3
  m_MinimumChartSize: 4
  m_AutoUVMaxDistance: 0.5
  m_AutoUVMaxAngle: 89
  m_LightmapParameters: {fileID: 0}
  m_SortingLayerID: 0
  m_SortingLayer: 0
  m_SortingOrder: 0
--- !u!33 &1395784195
MeshFilter:
  m_ObjectHideFlags: 0
  m_CorrespondingSourceObject: {fileID: 0}
  m_PrefabInstance: {fileID: 0}
  m_PrefabAsset: {fileID: 0}
  m_GameObject: {fileID: 1395784192}
  m_Mesh: {fileID: 10209, guid: 0000000000000000e000000000000000, type: 0}
--- !u!4 &1395784196
Transform:
  m_ObjectHideFlags: 0
  m_CorrespondingSourceObject: {fileID: 0}
  m_PrefabInstance: {fileID: 0}
  m_PrefabAsset: {fileID: 0}
  m_GameObject: {fileID: 1395784192}
  m_LocalRotation: {x: 0, y: 0, z: 0, w: 1}
  m_LocalPosition: {x: 0, y: 0, z: 0}
  m_LocalScale: {x: 4, y: 1, z: 4}
  m_Children: []
  m_Father: {fileID: 0}
  m_RootOrder: 9
  m_LocalEulerAnglesHint: {x: 0, y: 0, z: 0}
--- !u!1001 &1617833791
PrefabInstance:
  m_ObjectHideFlags: 0
  serializedVersion: 2
  m_Modification:
    m_TransformParent: {fileID: 0}
    m_Modifications:
    - target: {fileID: 1146564525459527488, guid: 94f91967fd1f7574a9698ee6c683b2c3,
        type: 3}
      propertyPath: m_Name
      value: DoorHolderEmpty
      objectReference: {fileID: 0}
    - target: {fileID: 1146564525459527503, guid: 94f91967fd1f7574a9698ee6c683b2c3,
        type: 3}
      propertyPath: m_RootOrder
      value: 3
      objectReference: {fileID: 0}
    - target: {fileID: 1146564525459527503, guid: 94f91967fd1f7574a9698ee6c683b2c3,
        type: 3}
      propertyPath: m_LocalPosition.x
      value: -12.955037
      objectReference: {fileID: 0}
    - target: {fileID: 1146564525459527503, guid: 94f91967fd1f7574a9698ee6c683b2c3,
        type: 3}
      propertyPath: m_LocalPosition.y
      value: 2
      objectReference: {fileID: 0}
    - target: {fileID: 1146564525459527503, guid: 94f91967fd1f7574a9698ee6c683b2c3,
        type: 3}
      propertyPath: m_LocalPosition.z
      value: 14.447598
      objectReference: {fileID: 0}
    - target: {fileID: 1146564525459527503, guid: 94f91967fd1f7574a9698ee6c683b2c3,
        type: 3}
      propertyPath: m_LocalRotation.w
      value: 1
      objectReference: {fileID: 0}
    - target: {fileID: 1146564525459527503, guid: 94f91967fd1f7574a9698ee6c683b2c3,
        type: 3}
      propertyPath: m_LocalRotation.x
      value: 0
      objectReference: {fileID: 0}
    - target: {fileID: 1146564525459527503, guid: 94f91967fd1f7574a9698ee6c683b2c3,
        type: 3}
      propertyPath: m_LocalRotation.y
      value: 0
      objectReference: {fileID: 0}
    - target: {fileID: 1146564525459527503, guid: 94f91967fd1f7574a9698ee6c683b2c3,
        type: 3}
      propertyPath: m_LocalRotation.z
      value: 0
      objectReference: {fileID: 0}
    - target: {fileID: 1146564525459527503, guid: 94f91967fd1f7574a9698ee6c683b2c3,
        type: 3}
      propertyPath: m_LocalEulerAnglesHint.x
      value: 0
      objectReference: {fileID: 0}
    - target: {fileID: 1146564525459527503, guid: 94f91967fd1f7574a9698ee6c683b2c3,
        type: 3}
      propertyPath: m_LocalEulerAnglesHint.y
      value: 0
      objectReference: {fileID: 0}
    - target: {fileID: 1146564525459527503, guid: 94f91967fd1f7574a9698ee6c683b2c3,
        type: 3}
      propertyPath: m_LocalEulerAnglesHint.z
      value: 0
      objectReference: {fileID: 0}
    m_RemovedComponents: []
  m_SourcePrefab: {fileID: 100100000, guid: 94f91967fd1f7574a9698ee6c683b2c3, type: 3}
--- !u!1001 &1650900972
PrefabInstance:
  m_ObjectHideFlags: 0
  serializedVersion: 2
  m_Modification:
    m_TransformParent: {fileID: 0}
    m_Modifications:
    - target: {fileID: 2834718928927724961, guid: 1ecb764732364af429fb6f9e17d9f785,
        type: 3}
      propertyPath: m_RootOrder
      value: 7
      objectReference: {fileID: 0}
    - target: {fileID: 2834718928927724961, guid: 1ecb764732364af429fb6f9e17d9f785,
        type: 3}
      propertyPath: m_LocalPosition.x
      value: -0.17993061
      objectReference: {fileID: 0}
    - target: {fileID: 2834718928927724961, guid: 1ecb764732364af429fb6f9e17d9f785,
        type: 3}
      propertyPath: m_LocalPosition.y
      value: 1.5
      objectReference: {fileID: 0}
    - target: {fileID: 2834718928927724961, guid: 1ecb764732364af429fb6f9e17d9f785,
        type: 3}
      propertyPath: m_LocalPosition.z
      value: -0
      objectReference: {fileID: 0}
    - target: {fileID: 2834718928927724961, guid: 1ecb764732364af429fb6f9e17d9f785,
        type: 3}
      propertyPath: m_LocalRotation.w
      value: 0
      objectReference: {fileID: 0}
    - target: {fileID: 2834718928927724961, guid: 1ecb764732364af429fb6f9e17d9f785,
        type: 3}
      propertyPath: m_LocalRotation.x
      value: 0
      objectReference: {fileID: 0}
    - target: {fileID: 2834718928927724961, guid: 1ecb764732364af429fb6f9e17d9f785,
        type: 3}
      propertyPath: m_LocalRotation.y
      value: 1
      objectReference: {fileID: 0}
    - target: {fileID: 2834718928927724961, guid: 1ecb764732364af429fb6f9e17d9f785,
        type: 3}
      propertyPath: m_LocalRotation.z
      value: 0
      objectReference: {fileID: 0}
    - target: {fileID: 2834718928927724961, guid: 1ecb764732364af429fb6f9e17d9f785,
        type: 3}
      propertyPath: m_LocalEulerAnglesHint.x
      value: 0
      objectReference: {fileID: 0}
    - target: {fileID: 2834718928927724961, guid: 1ecb764732364af429fb6f9e17d9f785,
        type: 3}
      propertyPath: m_LocalEulerAnglesHint.y
      value: 180
      objectReference: {fileID: 0}
    - target: {fileID: 2834718928927724961, guid: 1ecb764732364af429fb6f9e17d9f785,
        type: 3}
      propertyPath: m_LocalEulerAnglesHint.z
      value: 0
      objectReference: {fileID: 0}
    - target: {fileID: 2834718928927724965, guid: 1ecb764732364af429fb6f9e17d9f785,
        type: 3}
      propertyPath: m_Name
      value: Player
      objectReference: {fileID: 0}
    m_RemovedComponents: []
  m_SourcePrefab: {fileID: 100100000, guid: 1ecb764732364af429fb6f9e17d9f785, type: 3}
--- !u!1001 &1816140268
PrefabInstance:
  m_ObjectHideFlags: 0
  serializedVersion: 2
  m_Modification:
    m_TransformParent: {fileID: 0}
    m_Modifications:
    - target: {fileID: 5245781376594609187, guid: 3385d83e13f24c7418daf9d975812ac5,
        type: 3}
      propertyPath: m_Name
      value: Key
      objectReference: {fileID: 0}
    - target: {fileID: 5245781376594609198, guid: 3385d83e13f24c7418daf9d975812ac5,
        type: 3}
      propertyPath: colour
      value: 3
      objectReference: {fileID: 0}
    - target: {fileID: 5245781376594609199, guid: 3385d83e13f24c7418daf9d975812ac5,
        type: 3}
      propertyPath: m_RootOrder
      value: 6
      objectReference: {fileID: 0}
    - target: {fileID: 5245781376594609199, guid: 3385d83e13f24c7418daf9d975812ac5,
        type: 3}
      propertyPath: m_LocalPosition.x
      value: -12.331409
      objectReference: {fileID: 0}
    - target: {fileID: 5245781376594609199, guid: 3385d83e13f24c7418daf9d975812ac5,
        type: 3}
      propertyPath: m_LocalPosition.y
      value: 0.5
      objectReference: {fileID: 0}
    - target: {fileID: 5245781376594609199, guid: 3385d83e13f24c7418daf9d975812ac5,
        type: 3}
      propertyPath: m_LocalPosition.z
      value: -7.765934
      objectReference: {fileID: 0}
    - target: {fileID: 5245781376594609199, guid: 3385d83e13f24c7418daf9d975812ac5,
        type: 3}
      propertyPath: m_LocalRotation.w
      value: 1
      objectReference: {fileID: 0}
    - target: {fileID: 5245781376594609199, guid: 3385d83e13f24c7418daf9d975812ac5,
        type: 3}
      propertyPath: m_LocalRotation.x
      value: 0
      objectReference: {fileID: 0}
    - target: {fileID: 5245781376594609199, guid: 3385d83e13f24c7418daf9d975812ac5,
        type: 3}
      propertyPath: m_LocalRotation.y
      value: 0
      objectReference: {fileID: 0}
    - target: {fileID: 5245781376594609199, guid: 3385d83e13f24c7418daf9d975812ac5,
        type: 3}
      propertyPath: m_LocalRotation.z
      value: 0
      objectReference: {fileID: 0}
    - target: {fileID: 5245781376594609199, guid: 3385d83e13f24c7418daf9d975812ac5,
        type: 3}
      propertyPath: m_LocalEulerAnglesHint.x
      value: 0
      objectReference: {fileID: 0}
    - target: {fileID: 5245781376594609199, guid: 3385d83e13f24c7418daf9d975812ac5,
        type: 3}
      propertyPath: m_LocalEulerAnglesHint.y
      value: 0
      objectReference: {fileID: 0}
    - target: {fileID: 5245781376594609199, guid: 3385d83e13f24c7418daf9d975812ac5,
        type: 3}
      propertyPath: m_LocalEulerAnglesHint.z
      value: 0
      objectReference: {fileID: 0}
    m_RemovedComponents: []
  m_SourcePrefab: {fileID: 100100000, guid: 3385d83e13f24c7418daf9d975812ac5, type: 3}
--- !u!1001 &2112332875
PrefabInstance:
  m_ObjectHideFlags: 0
  serializedVersion: 2
  m_Modification:
    m_TransformParent: {fileID: 0}
    m_Modifications:
    - target: {fileID: 5424537940431198591, guid: 1986fc92ca200354ea80c13e79aa6d20,
        type: 3}
      propertyPath: m_IsActive
      value: 0
      objectReference: {fileID: 0}
    - target: {fileID: 5424537940684388387, guid: 1986fc92ca200354ea80c13e79aa6d20,
        type: 3}
      propertyPath: m_IsActive
      value: 0
      objectReference: {fileID: 0}
    - target: {fileID: 5424537941102585178, guid: 1986fc92ca200354ea80c13e79aa6d20,
        type: 3}
      propertyPath: m_Name
      value: HUD
      objectReference: {fileID: 0}
    - target: {fileID: 5424537941102585182, guid: 1986fc92ca200354ea80c13e79aa6d20,
        type: 3}
      propertyPath: m_Pivot.x
      value: 0
      objectReference: {fileID: 0}
    - target: {fileID: 5424537941102585182, guid: 1986fc92ca200354ea80c13e79aa6d20,
        type: 3}
      propertyPath: m_Pivot.y
      value: 0
      objectReference: {fileID: 0}
    - target: {fileID: 5424537941102585182, guid: 1986fc92ca200354ea80c13e79aa6d20,
        type: 3}
      propertyPath: m_RootOrder
      value: 8
      objectReference: {fileID: 0}
    - target: {fileID: 5424537941102585182, guid: 1986fc92ca200354ea80c13e79aa6d20,
        type: 3}
      propertyPath: m_AnchorMax.x
      value: 0
      objectReference: {fileID: 0}
    - target: {fileID: 5424537941102585182, guid: 1986fc92ca200354ea80c13e79aa6d20,
        type: 3}
      propertyPath: m_AnchorMax.y
      value: 0
      objectReference: {fileID: 0}
    - target: {fileID: 5424537941102585182, guid: 1986fc92ca200354ea80c13e79aa6d20,
        type: 3}
      propertyPath: m_AnchorMin.x
      value: 0
      objectReference: {fileID: 0}
    - target: {fileID: 5424537941102585182, guid: 1986fc92ca200354ea80c13e79aa6d20,
        type: 3}
      propertyPath: m_AnchorMin.y
      value: 0
      objectReference: {fileID: 0}
    - target: {fileID: 5424537941102585182, guid: 1986fc92ca200354ea80c13e79aa6d20,
        type: 3}
      propertyPath: m_SizeDelta.x
      value: 0
      objectReference: {fileID: 0}
    - target: {fileID: 5424537941102585182, guid: 1986fc92ca200354ea80c13e79aa6d20,
        type: 3}
      propertyPath: m_SizeDelta.y
      value: 0
      objectReference: {fileID: 0}
    - target: {fileID: 5424537941102585182, guid: 1986fc92ca200354ea80c13e79aa6d20,
        type: 3}
      propertyPath: m_LocalPosition.x
      value: 0
      objectReference: {fileID: 0}
    - target: {fileID: 5424537941102585182, guid: 1986fc92ca200354ea80c13e79aa6d20,
        type: 3}
      propertyPath: m_LocalPosition.y
      value: 0
      objectReference: {fileID: 0}
    - target: {fileID: 5424537941102585182, guid: 1986fc92ca200354ea80c13e79aa6d20,
        type: 3}
      propertyPath: m_LocalPosition.z
      value: 0
      objectReference: {fileID: 0}
    - target: {fileID: 5424537941102585182, guid: 1986fc92ca200354ea80c13e79aa6d20,
        type: 3}
      propertyPath: m_LocalRotation.w
      value: 1
      objectReference: {fileID: 0}
    - target: {fileID: 5424537941102585182, guid: 1986fc92ca200354ea80c13e79aa6d20,
        type: 3}
      propertyPath: m_LocalRotation.x
      value: 0
      objectReference: {fileID: 0}
    - target: {fileID: 5424537941102585182, guid: 1986fc92ca200354ea80c13e79aa6d20,
        type: 3}
      propertyPath: m_LocalRotation.y
      value: 0
      objectReference: {fileID: 0}
    - target: {fileID: 5424537941102585182, guid: 1986fc92ca200354ea80c13e79aa6d20,
        type: 3}
      propertyPath: m_LocalRotation.z
      value: 0
      objectReference: {fileID: 0}
    - target: {fileID: 5424537941102585182, guid: 1986fc92ca200354ea80c13e79aa6d20,
        type: 3}
      propertyPath: m_AnchoredPosition.x
      value: 0
      objectReference: {fileID: 0}
    - target: {fileID: 5424537941102585182, guid: 1986fc92ca200354ea80c13e79aa6d20,
        type: 3}
      propertyPath: m_AnchoredPosition.y
      value: 0
      objectReference: {fileID: 0}
    - target: {fileID: 5424537941102585182, guid: 1986fc92ca200354ea80c13e79aa6d20,
        type: 3}
      propertyPath: m_LocalEulerAnglesHint.x
      value: 0
      objectReference: {fileID: 0}
    - target: {fileID: 5424537941102585182, guid: 1986fc92ca200354ea80c13e79aa6d20,
        type: 3}
      propertyPath: m_LocalEulerAnglesHint.y
      value: 0
      objectReference: {fileID: 0}
    - target: {fileID: 5424537941102585182, guid: 1986fc92ca200354ea80c13e79aa6d20,
        type: 3}
      propertyPath: m_LocalEulerAnglesHint.z
      value: 0
      objectReference: {fileID: 0}
    m_RemovedComponents: []
  m_SourcePrefab: {fileID: 100100000, guid: 1986fc92ca200354ea80c13e79aa6d20, type: 3}
